@misc{swmfmanual,
    title = {{SWMF} {M}anual},
    url = {http://herot.engin.umich.edu/~gtoth/SWMF/doc/SWMF.pdf}
    year = {2020}
}

@misc{ccmcdatabase,
    url = {https://ccmc.gsfc.nasa.gov/ungrouped/search\_main.php}
}

@Book{arfken2005mathematical,
 author = {Arfken, George},
 title = {Mathematical methods for physicists},
 publisher = {Elsevier},
 year = {2005},
 address = {Boston},
 isbn = {0-12-059876-0}
 }

@article{Ledvina2008,
  doi = {10.1007/s11214-008-9384-6},
  url = {https://doi.org/10.1007/s11214-008-9384-6},
  year = {2008},
  month = aug,
  publisher = {Springer Science and Business Media {LLC}},
  volume = {139},
  number = {1-4},
  pages = {143--189},
  author = {S. A. Ledvina and Y.-J. Ma and E. Kallio},
  title = {Modeling and Simulating Flowing Plasmas and Related Phenomena},
  journal = {Space Science Reviews}
}

@article{Gombosi2002,
  doi = {10.1006/jcph.2002.7009},
  url = {https://doi.org/10.1006/jcph.2002.7009},
  year = {2002},
  month = mar,
  publisher = {Elsevier {BV}},
  volume = {177},
  number = {1},
  pages = {176--205},
  author = {Tamas I. Gombosi and G{\'{a}}bor T{\'{o}}th and Darren L. De Zeeuw and Kenneth C. Hansen and Konstantin Kabin and Kenneth G. Powell},
  title = {Semirelativistic Magnetohydrodynamics and Physics-Based Convergence Acceleration},
  journal = {Journal of Computational Physics}
}

@article{Toth2005,
  doi = {10.1029/2005JA011126},
  url = {https://doi.org/10.1006/jcph.2002.7009},
  year = {2005},
  month = december,
  publisher = {AGU},
  author = {
Gabor Toth, Igor V. Sokolov, Tamas I. Gombosi, David R. Chesney,
C. Robert Clauer, Darren L. De Zeeuw, Kenneth C. Hansen, Kevin J. Kane,
Ward B. Manchester, Robert C. Oehmke, Kenneth G. Powell, Aaron J. Ridley,
Ilia I. Roussev, Quentin F. Stout, Ovsei Volberg,
Richard A. Wolf, Stanislav Sazykin, Anthony Chan, Bin Yu,
Jozsef Kota},
  title = {Space Weather Modeling Framework: A new tool for the space science community},
  journal = {Journal of Geophysical Research: Space Physics},
}

@article{Toth2011,
  doi = {10.1016/j.jcp.2011.02.006}
  url = {https://doi.org/10.1016/j.jcp.2011.02.006},
  year = {2011},
  publisher = {Journal of Computational Physics}
  journal = {Hournal of Computational Physics}
  title = {Adaptive numerical algorithms in space weather modeling}
  author = {
Gábor Tóth, Bart van der Holst, Igor V. Sokolov, Darren L. De Zeeuw, Tamas I. Gombosi,
Fang Fang, Ward B. Manchester, Xing Meng, Dalal Najib, Kenneth G. Powell,
Quentin F. Stout, Alex Glocer, Ying-Juan Ma, Merav Opher
  }

%@article{,
%  doi = {
%  url = {http://doi.org/
%  year = {
%  publisher = {
%  journal = {
%  title = {
%  author = {

@article{Gombosi2021}.
  doi = {10.1051/swsc/2021020}
  url = {https://doi.org/10.1051/swsc/2021020}
  year = {2021}
  publisher = {EDP Sciences}
  journal = {J. Space Wearther Space Climate}
  title = {What sustained multi-disciplinary research can achieve: The space weather modeling framework}
  author = {
Tamas I. Gombosi , Yuxi Chen , Alex Glocer , Zhenguang Huang , Xianzhe Jia ,
Michael W. Liemohn , Ward B. Manchester , Tuija Pulkkinen , Nishtha Sachdeva ,
Qusai Al Shidi , Igor V. Sokolov , Judit Szente , Valeriy Tenishev , Gabor Toth ,
Bart van der Holst , Daniel T. Welling, Lulu Zhao , and Shasha Zou
  }
